@article{rayleigh,
title = {Rayleigh-Kriterium},
 url={https://de.wikipedia.org/wiki/Rayleigh-Kriterium‎},
  year={14. Oktober 2013},
  publisher={Wikipedia Foundation}
}

@article{doppelsterne,
  title={Doppelsterne},
  author={Wulff Dieter Heintz},
  year={1971},
  publisher={Wilhelm Goldmann Verlag}
}
@article{simbad,
	title = {Simbad -- Astronomical Database},
	year={2014},
	publisher={Université de Strasbourg},
}

@article{erde,
	title = {Erde},
	url = {https://de.wikipedia.org/wiki/Erde},
	year= {1. März 2014},
	publisher = {wikipedia Foundation}
}

@article{mond, 
	title = {Mond},
	url = {https://de.wikipedia.org/wiki/Mond}, 
	year = {27. Februar 2014},
	publisher = {wikipedia Foundation}
}
